@inproceedings{zhang2010,
  author = {Zhang, W. and Li, X. and Rutenbar, R.},
  title = {Bayesian Virtual Probe: Minimizing Variation Characterization Cost for Nanoscale IC Technologies via Bayesian Inference},
  booktitle = {DAC},
  year = 2010,
  pages = {262--267}
}

@inproceedings{reda2009,
  author = {Reda, S. and Nassif, S. R.},
  title = {Analyzing the impact of process variations on parametric measurements: novel models and applications},
  booktitle = {DATE},
  year = 2009,
  pages = {375--380}
}

@inproceedings{paek2012,
  author = {Paek, S. and Moon, S.-H. and Shin, W. and Sim, J. and Kim, L.-S.},
  title = {PowerField: A Transient Temperature-to-power Technique Based on MRF Theory},
  booktitle = {DAC},
  year = 2012,
  pages = {630--635},
}

@article{mesa-martinez2007,
  author = {Mesa-Martinez, F. and Nayfach-Battilana, J. and Renau, J.},
  title = {Power Model Validation Through Thermal Measurements},
  journal = {ISCA},
  year = 2007,
  pages = {302--311}
}

@article{marzouk2009,
  author = {Marzouk, Y. and Najm, H.},
  title = {Dimensionality Reduction and Polynomial Chaos Acceleration of Bayesian Inference in Inverse Problems},
  journal = {Journal of Computational Physics},
  volume = 228,
  number = 6,
  year = 2009,
  pages = {1862--1902}
}

@book{gelman2004,
  author = {Gelman, A. and Carlin, J. and Stern, H. and Rubin, D.},
  title = {Bayesian Data Analysis},
  publisher = {Chapman\&Hall/CRC},
  year = 2004
}

@article{cheng2011,
  author = {Cheng, L. and Gupta, P. and Spanos, C. and Qian, K. and He, L.},
  title = {Physically Justifiable Die-level Modeling of Spatial Variation in View of Systematic Across Wafer Variability},
  journal = {IEEE Transactions on CAD of ICs and Systems},
  volume = 30,
  number = 3,
  year = 2011,
  pages = {388--401}
}

@book{chandrakasan2001,
  author = {Chandrakasan, A. and Fox, F. and Bowhill, W. and Bowhill, W.},
  title = {Design of High-performance Microprocessor Circuits},
  publisher = {IEEE Press},
  year = 2001
}

@book{srivastava2010,
  author = {Srivastava, A. and Sylvester, D. and Blaauw, D.},
  title = {Statistical Analysis and Optimization for {VLSI}: Timing and Power},
  publisher = {Springer},
  year = 2010
}

@book{rasmussen2006,
  author = {Rasmussen, C. and Williams, C.},
  title = {Gaussian Processes for Machine Learning},
  publisher = {The MIT Press},
  year = 2006
}

@book{kreith2000,
  author = {Kreith, F.},
  title = {The CRC Handbook of Thermal Engineering},
  publisher = {Springer},
  year = 2000
}

@book{press2007,
  author = {Press, W. and Teukolsky, S. and Vetterling, W. and Flannery, B.},
  title = {Numerical Recipes: The Art of Scientific Computing},
  publisher = {Cambridge University Press},
  year = 2007
}

@inproceedings{juan2012,
  author = {Juan, D.-C. and Chuang, Y.-L. and Marculescu, D. and Chang, Y.-W.},
  title = {Statistical Thermal Modeling and Optimization Considering Leakage Power Variations},
  booktitle = {DATE},
  year = 2012,
  pages = {605--610}
}

@inproceedings{ukhov2012,
  author = {Ukhov, I. and Bao, M. and Eles, P. and Peng, Z.},
  title = {Steady-state Dynamic Temperature Analysis and Reliability Optimization for Embedded Multiprocessor Systems},
  booktitle = {DAC},
  year = 2012,
  pages = {197--204}
}

@online{sources,
  organization = {Embedded Systems Laboratory, Link\"{o}ping University},
  url = {http://www.ida.liu.se/~ivauk83/research/SAPV}
}

@article{skadron2004,
 author = {Skadron, K. and Stan, M. R. and Sankaranarayanan, K. and Huang, W. and Velusamy, S. and Tarjan, D.},
 title = {Temperature-aware Microarchitecture: Modeling and Implementation},
 journal = {ACM Transactions on Architecture and Code Optimization},
 volume = 1,
 number = 1,
 month = {March},
 year = 2004,
 pages = {94--125}
}

@inproceedings{dick1998,
  author = {Dick, R. and Rhodes, D. and Wolf, W.},
  title = {{TGFF}: Task Graphs for Free},
  booktitle = {CODES/CASHE},
  year = 1998,
  pages = {97--101}
}
